@article{karunanithi2014survey,
  title={A survey, discussion and comparison of sorting algorithms},
  author={Karunanithi, Ashok Kumar and others},
  journal={Department of Computing Science, Umea University},
  year={2014}
}


@article{elkahlout2017comparative,
  title={A comparative study of sorting algorithms comb, cocktail and counting sorting},
  author={Elkahlout, Ahmad H and Maghari, Ashraf YA},
  journal={International Research Journal of Engineering and Technology (IRJET)},
  volume={4},
  number={01},
  year={2017}
}